@book{tu1,
    title = {Differential Geometry: Connections, Curvature and Characteristic Classes},
    author = {Loring W. Tu},
    isbn = {978-3-319-55082-4},
    %doi = {10.1007/978-3-319-55084-8},
    year = {2017},
    publisher = {Springer-Verlag New York Inc},
}

@article{wei,
  author          = {Wei Peng e Tuomas Varanka e Abdelrahman Mostafa e Henglin Shi e Guoying Zhao},
  journal         = {JOURNAL OF \LaTeX\phantom{} CLASS FILES},
  number          = {8},
  title           = {Hyperbolic Deep Neural Networks: A Survey},
  volume          = {14},
  year            = {2015},
}

@unpublished{bot,
  author = {Hugo Cattarucci Botós},
  title  = {Geometrias Clássicas},
  year   = {2020}
}